@article{Robert_24,
author = {Robert Lefringhausen and Supitsana Srithasan and Armin Lederer and Sandra Hirche},
title = {{Learning-Based Optimal Control with Performance Guarantees for Unknown Systems with Latent States}},
url = {arXiv:2303.17963},
urldate = {16.04.2024},
year = {2024}
}
@article{Bloe_99,
author = {Bloe, Adam and Joe, Fred},
journal = {Math and other geeky stuff},
number = {1},
pages = {1--23},
title = {{Towards a unified solution of $x>y$}},
volume = {1},
year = {1999}
}
@article{Yassine_22,
author = {Yassine Nemmour and Heiner Kremer and Bernhard Schoelkopf and Jia-Jie Zhu},
title = {{Maximum Mean Discrepancy Distributionally Robust Nonlinear Chance-Constrained Optimization with Finite-Sample Guarantee}},
url = {arXiv:2204.11564v1},
urldate = {25.04.2022},
year = {2022}
}
@article{Adam_22,
author = {Adam J. Thorpe and Thomas Lew and Meeko M. K. Oishi and Jia-Jie Zhu},
title = {{Data-Driven Chance Constrained Control using Kernel Distribution Embeddings}},
url = {arXiv:2202.04193},
urldate = {08.02.2022},
year = {2022}
}
